<record xmlns='http://www.loc.gov/MARC21/slim'><leader>01524cpm a2200289   4500</leader><controlfield tag='001'>a6679476</controlfield><controlfield tag='003'>SIRSI</controlfield><controlfield tag='005'>20150321050002.0</controlfield><controlfield tag='008'>061115s2000    cau                 eng d</controlfield><datafield ind1=' ' ind2=' ' tag='040'><subfield code='a'>CSt</subfield><subfield code='c'>CSt</subfield><subfield code='e'>appm</subfield></datafield><datafield ind1=' ' ind2=' ' tag='090'><subfield code='a'>MSS MEDIA 0016</subfield></datafield><datafield ind1='1' ind2=' ' tag='100'><subfield code='a'>Green, Ricki.</subfield><subfield code=' '>^A734427</subfield></datafield><datafield ind1='1' ind2='4' tag='245'><subfield code='a'>The Grapes of Wrath :</subfield><subfield code='k'>videorecording / narrated by Donald Sutherland ; produced and written by Ricki Green ; produced by Cronkite-Ward Co.,</subfield><subfield code='f'>2000.</subfield></datafield><datafield ind1=' ' ind2=' ' tag='300'><subfield code='a'>1 video tape (ca. 50 min.) : sd., col. with b&amp;w sequences.</subfield></datafield><datafield ind1=' ' ind2=' ' tag='541'><subfield code='c'>Gift of</subfield><subfield code='a'>Ricki Green,</subfield><subfield code='d'>2000.</subfield><subfield code='e'>Accession 2006-279.</subfield></datafield><datafield ind1=' ' ind2=' ' tag='520'><subfield code='a'>Susan Shillinglaw of the Center for Steinbeck Studies; authors Studs Terkel and Gerald Haslam; Steinbeck&apos;s son Thom and third wife Elaine; and others discuss the Dust Bowl era, the Oakies, and the enduring effect of Steinbeck&apos;s book. Program includes the music of Woodie Guthrie, photographs by Dorothea Lange, and clips from John Ford&apos;s 1940 film of the novel.</subfield></datafield><datafield ind1=' ' ind2=' ' tag='506'><subfield code='a'>Open for research; please allow two weeks for a use copy to be made.</subfield></datafield><datafield ind1=' ' ind2=' ' tag='500'><subfield code='a'>Series: Great books.</subfield></datafield><datafield ind1='1' ind2='0' tag='600'><subfield code='a'>Steinbeck, John,</subfield><subfield code='d'>1902-1968.</subfield><subfield code='t'>Grapes of wrath.</subfield><subfield code=' '>^A2091926</subfield></datafield><datafield ind1=' ' ind2='0' tag='650'><subfield code='a'>Depressions</subfield><subfield code='y'>1929.</subfield><subfield code=' '>^A1010815</subfield></datafield><datafield ind1='1' ind2='2' tag='700'><subfield code='a'>Sutherland, Donald,</subfield><subfield code='d'>1935-</subfield><subfield code=' '>^A515747</subfield></datafield><datafield ind1='1' ind2='2' tag='700'><subfield code='a'>Shillinglaw, Susan.</subfield><subfield code=' '>^A1209934</subfield></datafield><datafield ind1='2' ind2='2' tag='710'><subfield code='a'>Cronkite Ward Company.</subfield><subfield code=' '>^A1623972</subfield></datafield><datafield ind1=' ' ind2=' ' tag='035'><subfield code='a'>(OCoLC-M)754864264</subfield></datafield><datafield ind1=' ' ind2=' ' tag='035'><subfield code='a'>(OCoLC-I)755036172</subfield></datafield><datafield ind1=' ' ind2=' ' tag='596'><subfield code='a'>21</subfield></datafield><datafield ind1=' ' ind2=' ' tag='999'><subfield code='a'>MSS MEDIA 0016</subfield><subfield code='w'>ALPHANUM</subfield><subfield code='c'>1</subfield><subfield code='i'>6679476-1001</subfield><subfield code='l'>MANUSCRIPT</subfield><subfield code='m'>SPEC-COLL</subfield><subfield code='r'>N</subfield><subfield code='s'>Y</subfield><subfield code='t'>MANUSCRIPT</subfield><subfield code='u'>11/15/2006</subfield></datafield></record>